<?xml version="1.0" encoding="UTF-8"?><collection xmlns="http://www.loc.gov/MARC21/slim"><record><leader>00406nam--2200133-i-4500</leader><controlfield tag="001">000037699</controlfield><controlfield tag="002">20161230</controlfield><controlfield tag="005">20161230201041</controlfield><controlfield tag="008">060222s1000------------r-----000-0-eng-d</controlfield><datafield ind1=" " ind2=" " tag="080"><subfield code="a">541.11</subfield></datafield><datafield ind1=" " ind2=" " tag="245"><subfield code="a">Propriete thermodynamiques, kphysiques et structurales des derives semi-metalliques. orsay, 28 sept.-1 oct.1963</subfield></datafield><datafield ind1=" " ind2=" " tag="260"><subfield code="a">Paris, Ed.Du Cnrs, 1967. 520p</subfield></datafield><datafield ind1=" " ind2=" " tag="490"><subfield code="a">Colloques Int.Du Cnrs</subfield></datafield><datafield ind1=" " ind2=" " tag="852"><subfield code="a">29200</subfield></datafield></record></collection>